<record><leader>00000cas a22000007a 4500</leader><controlfield tag="001">22215859</controlfield><controlfield tag="008">900814d19531955nhuwr ne      0    0eng d</controlfield><controlfield tag="009">10861</controlfield><datafield ind1=" " ind2=" " tag="010"><subfield code="a">sn 90062342 </subfield></datafield><datafield ind1=" " ind2=" " tag="040"><subfield code="a">NVH</subfield><subfield code="b">eng</subfield><subfield code="c">NVH</subfield></datafield><datafield ind1=" " ind2=" " tag="042"><subfield code="a">msc</subfield></datafield><datafield ind1="0" ind2="4" tag="245"><subfield code="a">The Newport-Lake Sunapee times.</subfield></datafield><datafield ind1="0" ind2="0" tag="246"><subfield code="a">Newport Lake Sunapee times</subfield></datafield><datafield ind1=" " ind2=" " tag="260"><subfield code="a">Newport, N.H. :</subfield><subfield code="b">Newport Times Pub.,</subfield></datafield><datafield ind1=" " ind2=" " tag="300"><subfield code="a">v.</subfield></datafield><datafield ind1=" " ind2=" " tag="310"><subfield code="a">Weekly</subfield></datafield><datafield ind1="0" ind2=" " tag="362"><subfield code="a">Vol. 1, no. 1 (Mar. 12, 1953)-v. 7, no. 48 (Feb. 3, 1955).</subfield></datafield><datafield ind1=" " ind2=" " tag="752"><subfield code="a">United States</subfield><subfield code="b">New Hampshire</subfield><subfield code="c">Sullivan</subfield><subfield code="d">Newport.</subfield></datafield><datafield ind1="0" ind2="0" tag="780"><subfield code="t">Newport guardian and Kearsarge-Sunapee sun</subfield><subfield code="w">(DLC)sn 90062341</subfield></datafield><datafield ind1="0" ind2="7" tag="785"><subfield code="t">Argus-champion (Newport, N.H. : 1925)</subfield><subfield code="w">(DLC)sn 84020612</subfield></datafield><datafield ind1="0" ind2="7" tag="785"><subfield code="t">Argus-champion and Newport-Lake Sunapee times</subfield><subfield code="w">(DLC)sn 90062354</subfield></datafield></record>